<?xml version="1.0" encoding="UTF-8"?><collection xmlns="http://www.loc.gov/MARC21/slim"><record><leader>00614nam--2200181-i-4500</leader><controlfield tag="001">000021948</controlfield><controlfield tag="002">20161230</controlfield><controlfield tag="005">20161230201034</controlfield><controlfield tag="008">060222s1000------------r-----000-0-eng-d</controlfield><datafield ind1=" " ind2=" " tag="040"><subfield code="a">IFIN-HH</subfield></datafield><datafield ind1=" " ind2=" " tag="080"><subfield code="a">539.431</subfield></datafield><datafield ind1="1" ind2=" " tag="100"><subfield code="a">Harris, W.J</subfield></datafield><datafield ind1="1" ind2="0" tag="245"><subfield code="a">Metallic fatigue, with particular reference to the significance of certanin standard aircraft fabrication and finishing processes</subfield><subfield code="c">W.j. harris</subfield></datafield><datafield ind1=" " ind2=" " tag="260"><subfield code="a">London</subfield><subfield code="b">Pergamon Press</subfield><subfield code="c">1961</subfield></datafield><datafield ind1=" " ind2=" " tag="300"><subfield code="a">XI + 331 P</subfield></datafield><datafield ind1=" " ind2=" " tag="490"><subfield code="a">International Series Of Monographs In Aeronautics And Astronautics</subfield><subfield code="v">Vol. 1</subfield></datafield><datafield ind1=" " ind2=" " tag="852"><subfield code="a">16441</subfield><subfield code="c">539.4</subfield></datafield><datafield ind1=" " ind2=" " tag="CAT"><subfield code="a">Sys</subfield><subfield code="c">20130128</subfield><subfield code="h">161156</subfield></datafield></record></collection>